<?xml version="1.0" encoding="UTF-8"?><collection xmlns="http://www.loc.gov/MARC21/slim"><record><leader>00356nam--2200145-i-4500</leader><controlfield tag="001">000018976</controlfield><controlfield tag="002">20161230</controlfield><controlfield tag="005">20161230201033</controlfield><controlfield tag="008">060222s1000------------r-----000-0-eng-d</controlfield><datafield ind1=" " ind2=" " tag="080"><subfield code="a">77.02</subfield></datafield><datafield ind1=" " ind2=" " tag="100"><subfield code="a">Duffin, G.F</subfield></datafield><datafield ind1=" " ind2=" " tag="245"><subfield code="a">Photographic emulsion chemistry</subfield></datafield><datafield ind1=" " ind2=" " tag="260"><subfield code="a">London, The Focal Press, 1966. 239 P</subfield></datafield><datafield ind1=" " ind2=" " tag="490"><subfield code="a">The Focal Library</subfield></datafield><datafield ind1=" " ind2=" " tag="852"><subfield code="a">25752</subfield></datafield></record></collection>